@article{klavvzar2021some,
  title={Some binary products and integer linear programming for k-metric dimension of graphs},
  author={Klav{\v{z}}ar, Sandi and Rahbarnia, Freydoon and Tavakoli, Mostafa},
  journal={Applied Mathematics and Computation},
  volume={409},
  pages={126420},
  year={2021},
  url={https://www.sciencedirect.com/science/article/abs/pii/S0096300321005099},
  publisher={Elsevier}
}
@article{oellermann2007strong,
  title={The strong metric dimension of graphs and digraphs},
  author={Oellermann, Ortrud R and Peters-Fransen, Joel},
  journal={Discrete Applied Mathematics},
  volume={155},
  number={3},
  pages={356--364},
  year={2007},
  url={https://www.sciencedirect.com/science/article/pii/S0166218X06003015},
  publisher={Elsevier}
}
@inproceedings{diaz2012complexity,
  title={On the complexity of metric dimension},
  author={D{\'\i}az, Josep and Pottonen, Olli and Serna, Maria and van Leeuwen, Erik Jan},
  booktitle={Algorithms--ESA 2012: 20th Annual European Symposium, Ljubljana, Slovenia, September 10-12, 2012. Proceedings 20},
  pages={419--430},
  year={2012},
  url={https://link.springer.com/chapter/10.1007/978-3-642-33090-2_37},
  organization={Springer}
}
@article{hernando2008fault,
  title={Fault-tolerant metric dimension of graphs},
  author={Hernando, Carmen and Mora, Merc{\'e} and Slater, Peter J and Wood, David R},
  journal={Convexity in discrete structures},
  volume={5},
  pages={81--85},
  url={https://www.researchgate.net/profile/Manoj-Changat/publication/266940870_Convexity_in_discrete_structures_Joint_proceedings_of_the_international_instructional_workshop_on_convexity_in_discrete_structures_Thiruvananthapuram_Kerala_India_March_22-April_2_2006_and_the_interna/links/55102ca00cf27d62b913bed4/Convexity-in-discrete-structures-Joint-proceedings-of-the-international-instructional-workshop-on-convexity-in-discrete-structures-Thiruvananthapuram-Kerala-India-March-22-April-2-2006-and-the-in.pdf#page=89},
  year={2008}
}


@article{okamoto2010local,
  title={The local metric dimension of a graph},
  author={Okamoto, Futaba and Phinezy, Bryan and Zhang, Ping},
  journal={Mathematica Bohemica},
  volume={135},
  number={3},
  pages={239--255},
  year={2010},
  url={https://dml.cz/handle/10338.dmlcz/140702},
  publisher={Institute of Mathematics, Academy of Sciences of the Czech Republic}
}
@article{hernando2010extremal,
  title={Extremal graph theory for metric dimension and diameter.},
  author={Hernando, Carmen and Mora, Merce and Pelayo, Ignacio M and Seara, Carlos and Wood, David R},
  journal={The Electronic Journal of Combinatorics [electronic only]},
  volume={17},
  number={1},
  pages={Research--Paper},
  year={2010},
  url={https://www.combinatorics.org/ojs/index.php/eljc/article/view/v17i1r30},
  publisher={Prof. Andr{\'e} K{\"u}ndgen, Deptartment of Mathematics, California State University~â€¦}

}
@article{yero2017computing,
  title={Computing the k-metric dimension of graphs},
  author={Yero, Ismael G and Estrada-Moreno, Alejandro and Rodr{\'\i}guez-Vel{\'a}zquez, Juan A},
  journal={Applied Mathematics and Computation},
  volume={300},
  pages={60--69},
  year={2017},
  url={https://www.sciencedirect.com/science/article/abs/pii/S0096300316307317},
  publisher={Elsevier}
}
@article{hauptmann2012approximation,
  title={Approximation complexity of metric dimension problem},
  author={Hauptmann, Mathias and Schmied, Richard and Viehmann, Claus},
  journal={Journal of Discrete Algorithms},
  volume={14},
  pages={214--222},
  year={2012},
  url={https://www.sciencedirect.com/science/article/pii/S1570866711001134},
  publisher={Elsevier}
}
@article{manuel2008minimum,
  title={On minimum metric dimension of honeycomb networks},
  author={Manuel, Paul and Bharati, Rajan and Rajasingh, Indra and others},
  journal={Journal of Discrete algorithms},
  volume={6},
  number={1},
  pages={20--27},
  year={2008},
  url={https://www.sciencedirect.com/science/article/pii/S1570866706000803},
  publisher={Elsevier}
}
@article{kratica2009computing,
  title={Computing the metric dimension of graphs by genetic algorithms},
  author={Kratica, Jozef and Kova{\v{c}}evi{\'c}-Vuj{\v{c}}i{\'c}, Vera and {\v{C}}angalovi{\'c}, Mirjana},
  journal={Computational Optimization and Applications},
  volume={44},
  number={2},
  pages={343},
  year={2009},
  url={https://link.springer.com/article/10.1007/s10589-007-9154-5},
  publisher={Springer}
}
@article{bailey2011base,
  title={Base size, metric dimension and other invariants of groups and graphs},
  author={Bailey, Robert F and Cameron, Peter J},
  journal={Bulletin of the London Mathematical Society},
  volume={43},
  number={2},
  pages={209--242},
  year={2011},
  url={https://londmathsoc.onlinelibrary.wiley.com/doi/abs/10.1112/blms/bdq096},
  publisher={Wiley Online Library}
}
@article{jiang2019metric,
  title={On the metric dimension of Cartesian powers of a graph},
  author={Jiang, Zilin and Polyanskii, Nikita},
  journal={Journal of Combinatorial Theory, Series A},
  volume={165},
  pages={1--14},
  year={2019},
  url={https://www.sciencedirect.com/science/article/abs/pii/S0097316519300032},
  publisher={Elsevier}
}
@article{tillquist2021getting,
  title={Getting the lay of the land in discrete space: A survey of metric dimension and its applications},
  author={Tillquist, Richard C and Frongillo, Rafael M and Lladser, Manuel E},
  journal={arXiv preprint arXiv:2104.07201},
  url={https://arxiv.org/abs/2104.07201},
  year={2021}
}
@article{laird2020resolvability,
  title={Resolvability of Hamming graphs},
  author={Laird, Lucas and Tillquist, Richard C and Becker, Stephen and Lladser, Manuel E},
  journal={SIAM Journal on Discrete Mathematics},
  volume={34},
  number={4},
  pages={2063--2081},
  year={2020},
  url={https://epubs.siam.org/doi/abs/10.1137/19M1274511},
  publisher={SIAM}
}
@article{mladenovic2012variable,
  title={Variable neighborhood search for metric dimension and minimal doubly resolving set problems},
  author={Mladenovi{\'c}, Nenad and Kratica, Jozef and Kova{\v{c}}evi{\'c}-Vuj{\v{c}}i{\'c}, Vera and {\v{C}}angalovi{\'c}, Mirjana},
  journal={European Journal of Operational Research},
  volume={220},
  number={2},
  pages={328--337},
  year={2012},
  url={https://www.sciencedirect.com/science/article/abs/pii/S0377221712001361},
  publisher={Elsevier}
}
@article{zhang2020metric,
  title={On the metric dimension of the folded n-cube},
  author={Zhang, Yuezhong and Hou, Lihang and Hou, Bo and Wu, Weili and Du, Ding-Zhu and Gao, Suogang},
  journal={Optimization Letters},
  volume={14},
  number={1},
  pages={249--257},
  year={2020},
  url={https://link.springer.com/article/10.1007/s11590-019-01476-z},
  publisher={Springer}
}
@article{kuziak2021metric,
  title={Metric dimension related parameters in graphs: A survey on combinatorial, computational and applied results},
  author={Kuziak, Dorota and Yero, Ismael G},
  journal={arXiv preprint arXiv:2107.04877},
  url={https://arxiv.org/abs/2107.04877},
  year={2021}
}
@article{lu2022bridge,
  title={A bridge between the minimal doubly resolving set problem in (folded) hypercubes and the coin weighing problem},
  author={Lu, Changhong and Ye, Qingjie},
  journal={Discrete Applied Mathematics},
  volume={309},
  pages={147--159},
  year={2022},
  url={https://www.sciencedirect.com/science/article/abs/pii/S0166218X21004686},
  publisher={Elsevier}
}
@article{lindstrom1965combinatorial,
  title={On a combinatorial problem in number theory},
  author={Lindstr{\"o}m, Bernt},
  journal={Canadian Mathematical Bulletin},
  volume={8},
  number={4},
  pages={477--490},
  year={1965},
  url={https://www.cambridge.org/core/journals/canadian-mathematical-bulletin/article/on-a-combinatorial-problem-in-number-theory/6E7EE9DAABF64BF4DF713B20C87F7C8F},
  publisher={Cambridge University Press}
}
@article{shapiro1963combinatory,
  title={A combinatory detection problem},
  author={Shapiro, H and Soderberg, S},
  journal={Amer. Math. Monthly},
  volume={70},
  pages={1066--1070},
  year={1963}
}
@article{erdos1963two,
  title={On two problems of information theory},
  author={Erd{\Ho}s, Paul and R{\'e}nyi, Alfr{\'e}d},
  journal={Magyar Tud. Akad. Mat. Kutat{\'o} Int. K{\"o}zl},
  volume={8},
  number={1-2},
  pages={229--243},
  year={1963},
  url={https://old.renyi.hu/~p_erdos/1963-12.pdf}
}
@article{cantor1964determining,
  title={Determining a set from the cardinalities of its intersections with other sets},
  author={Cantor, David G},
  journal={Canadian Journal of Mathematics},
  volume={16},
  pages={94--97},
  year={1964},
  publisher={Cambridge University Press},
  url={https://www.cambridge.org/core/journals/canadian-journal-of-mathematics/article/determining-a-set-from-the-cardinalities-of-its-intersections-with-other-sets/A4C186458A6300C38C53B8070BC99EFC}
}
@article{wu2022learning,
  title={Learning to compute the metric dimension of graphs},
  author={Wu, Jian and Wang, Li and Yang, Weihua},
  journal={Applied Mathematics and Computation},
  volume={432},
  pages={127350},
  year={2022},
  publisher={Elsevier},
  url={https://www.sciencedirect.com/science/article/abs/pii/S0096300322004246}
}
@article{mow2008recursive,
  title={Recursive constructions of detecting matrices for multiuser coding: A unifying approach},
  author={Mow, Wai Ho},
  journal={IEEE transactions on information theory},
  volume={55},
  number={1},
  pages={93--98},
  year={2008},
  publisher={IEEE},
  url={https://ieeexplore.ieee.org/abstract/document/4729786}
}
@article{erlich2010compressed,
  title={Compressed genotyping},
  author={Erlich, Yaniv and Gordon, Assaf and Brand, Michael and Hannon, Gregory J and Mitra, Partha P},
  journal={IEEE Transactions on Information Theory},
  volume={56},
  number={2},
  pages={706--723},
  year={2010},
  publisher={IEEE},
  url={https://ieeexplore.ieee.org/abstract/document/5420273}
}
@article{cantor1966determination,
  title={Determination of a subset from certain combinatorial properties},
  author={Cantor, David G and Mills, WH},
  journal={Canadian Journal of Mathematics},
  volume={18},
  pages={42--48},
  year={1966},
  publisher={Cambridge University Press},
  url={https://www.cambridge.org/core/journals/canadian-journal-of-mathematics/article/determination-of-a-subset-from-certain-combinatorial-properties/3C5AA2421EC1EE60B061DE41FDA824A4}
}
@inproceedings{bshouty2009optimal,
  title={Optimal Algorithms for the Coin Weighing Problem with a Spring Scale.},
  author={Bshouty, Nader H},
  booktitle={COLT},
  volume={2009},
  pages={82},
  year={2009},
  url={https://www.learningtheory.org/colt2009/papers/004.pdf}
}

@inproceedings{jiang2019guess,
  title={How to guess an n-digit number},
  author={Jiang, Zilin and Polyanskii, Nikita},
  booktitle={Proceedings of the Thirtieth Annual ACM-SIAM Symposium on Discrete Algorithms},
  pages={1215--1220},
  year={2019},
  organization={SIAM},
  url={https://epubs.siam.org/doi/abs/10.1137/1.9781611975482.74}
}
@book{blumenthal1970theory,
  title={Theory and applications of distance geometry},
  author={Blumenthal, Leonard Mascot},
  volume={242},
  year={1970},
  publisher={Chelsea Publishing Company, Incorporated}
}
@article{aldridge2019group,
  title={Group testing: an information theory perspective},
  author={Aldridge, Matthew and Johnson, Oliver and Scarlett, Jonathan and others},
  journal={Foundations and Trends{\textregistered} in Communications and Information Theory},
  volume={15},
  number={3-4},
  pages={196--392},
  year={2019},
  publisher={Now Publishers, Inc.},
  url={https://www.nowpublishers.com/article/Details/CIT-099}
}
@inproceedings{hahn2022near,
  title={Near optimal efficient decoding from pooled data},
  author={Hahn-Klimroth, Max and M{\"u}ller, Noela},
  booktitle={Conference on Learning Theory},
  pages={3395--3409},
  year={2022},
  organization={PMLR},
  url={https://proceedings.mlr.press/v178/hahn-klimroth22a.html}
}
@inproceedings{mazzawi2010optimally,
  title={Optimally reconstructing weighted graphs using queries},
  author={Mazzawi, Hanna},
  booktitle={Proceedings of the Twenty-First Annual ACM-SIAM Symposium on Discrete Algorithms},
  pages={608--615},
  year={2010},
  organization={SIAM},
  url={https://epubs.siam.org/doi/abs/10.1137/1.9781611973075.51}
}
@article{lindstrom1971mobius,
  title={On M{\"o}bius functions and a problem in combinatorial number theory},
  author={Lindstr{\"o}m, Bernt},
  journal={Canadian Mathematical Bulletin},
  volume={14},
  number={4},
  pages={513--516},
  year={1971},
  publisher={Cambridge University Press},
  url={https://www.cambridge.org/core/journals/canadian-mathematical-bulletin/article/on-mobius-functions-and-a-problem-in-combinatorial-number-theory/F382FC47F5967835923671BC9D66F35F}
}
@article{sebHo2004metric,
  title={On metric generators of graphs},
  author={Seb{\H{o}}, Andr{\'a}s and Tannier, Eric},
  journal={Mathematics of Operations Research},
  volume={29},
  number={2},
  pages={383--393},
  year={2004},
  publisher={INFORMS},
  url={https://pubsonline.informs.org/doi/abs/10.1287/moor.1030.0070}
}
@article{ruth2023levenshtein,
  title={Levenshtein graphs: Resolvability, automorphisms \& determining sets},
  author={Ruth, Perrin E and Lladser, Manuel E},
  journal={Discrete Mathematics},
  volume={346},
  number={5},
  pages={113310},
  year={2023},
  publisher={Elsevier},
  url={https://www.sciencedirect.com/science/article/pii/S0012365X22005167}
}
@article{boneh1998collusion,
  title={Collusion-secure fingerprinting for digital data},
  author={Boneh, Dan and Shaw, James},
  journal={IEEE Transactions on Information Theory},
  volume={44},
  number={5},
  pages={1897--1905},
  year={1998},
  publisher={IEEE},
  url={https://ieeexplore.ieee.org/abstract/document/705568}
}

@article{harary1976metric,
  title={On the metric dimension of a graph},
  author={Harary, Frank and Melter, Robert A},
  journal={Ars combinatoria},
  volume={2},
  number={191-195},
  pages={1},
  year={1976}
}

@article{slater1975leaves,
  title={Leaves of trees},
  author={Slater, Peter J},
  journal={Congr. Numer},
  volume={14},
  number={549-559},
  pages={37},
  year={1975}
}

@article{khuller1996landmarks,
  title={Landmarks in graphs},
  author={Khuller, Samir and Raghavachari, Balaji and Rosenfeld, Azriel},
  journal={Discrete applied mathematics},
  volume={70},
  number={3},
  pages={217--229},
  year={1996},
  url = {https://www.sciencedirect.com/science/article/pii/0166218X95001062},
  publisher={Elsevier}
}
@article{azeem2021metric,
  title={Metric-based resolvability of polycyclic aromatic hydrocarbons},
  author={Azeem, Muhammad and Nadeem, Muhammad Faisal},
  journal={The European Physical Journal Plus},
  volume={136},
  number={4},
  pages={1--14},
  year={2021},
  url = {https://link.springer.com/article/10.1140/epjp/s13360-021-01399-8},
  publisher={Springer}
}

@article{beerliova2006network,
  title={Network discovery and verification},
  author={Beerliova, Zuzana and Eberhard, Felix and Erlebach, Thomas and Hall, Alexander and Hoffmann, Michael and Mihal'ak, Mat and Ram, L Shankar},
  journal={IEEE Journal on selected areas in communications},
  volume={24},
  number={12},
  pages={2168--2181},
  year={2006},
  url = {https://ieeexplore.ieee.org/abstract/document/4016133},
  publisher={IEEE}
}
@article{azeem2023notes,
  title={Notes on the localization of generalized hexagonal cellular networks},
  author={Azeem, Muhammad and Jamil, Muhammad Kamran and Shang, Yilun},
  journal={Mathematics},
  volume={11},
  number={4},
  pages={844},
  year={2023},
  url = {https://www.mdpi.com/2227-7390/11/4/844},
  publisher={MDPI}
}
@article{chu2020sharp,
  title={On sharp bounds on partition dimension of convex polytopes},
  author={Chu, Yu-Ming and Nadeem, Muhammad Faisal and Azeem, Muhammad and Siddiqui, Muhammad Kamran},
  journal={IEEE access},
  volume={8},
  pages={224781--224790},
  year={2020},
  url = {https://ieeexplore.ieee.org/abstract/document/9293020},
  publisher={IEEE}
}
@article{raza2019fault,
  title={Fault-tolerant resolvability and extremal structures of graphs},
  author={Raza, Hassan and Hayat, Sakander and Imran, Muhammad and Pan, Xiang-Feng},
  journal={Mathematics},
  volume={7},
  number={1},
  pages={78},
  year={2019},
  url = {https://www.mdpi.com/2227-7390/7/1/78},
  publisher={MDPI}
}
@article{arumugam2012fractional,
  title={The fractional metric dimension of graphs},
  author={Arumugam, S and Mathew, Varughese},
  journal={Discrete Mathematics},
  volume={312},
  number={9},
  pages={1584--1590},
  year={2012},
  url = {https://www.sciencedirect.com/science/article/pii/S0012365X11002561},
  publisher={Elsevier}
}

@article{cvetkovic2004some,
  title={On some interconnections between combinatorial optimization and extremal graph theory},
  author={Cvetkovi{\'c}, Drago{\v{s}} and Hansen, Pierre and Kova{\v{c}}evi{\'c}-Vuj{\v{c}}i{\'c}, Vera},
  journal={Yugoslav Journal of Operations Research},
  volume={14},
  number={2},
  pages={147--154},
  year={2004},
  url = {https://www.semanticscholar.org/paper/On-some-interconnections-between-combinatorial-and-Cvetkovic-Hansen/09ed6c65c058b7b3300f68bd76bb18e846636a9c},
  publisher={University of Belgrade-Faculty of Organizational Sciences, Belgrade, et al.}
}

@article{bensmail2019metric,
  title={Metric dimension: from graphs to oriented graphs},
  author={Bensmail, Julien and Mc Inerney, Fionn and Nisse, Nicolas},
  journal={Electronic Notes in Theoretical Computer Science},
  volume={346},
  pages={111--123},
  year={2019},
  url = {https://www.sciencedirect.com/science/article/abs/pii/S0166218X20304327},
  publisher={Elsevier}
}

@article{pirzada2017metric,
  title={On the metric dimension of a zero-divisor graph},
  author={Pirzada, S and Raja, Rameez},
  journal={Communications in Algebra},
  volume={45},
  number={4},
  pages={1399--1408},
  year={2017},
  url = {https://www.tandfonline.com/doi/abs/10.1080/00927872.2016.1175602},
  publisher={Taylor \& Francis}
}
@article{ahmad2022double,
  title={Double metric resolvability in convex polytopes},
  author={Ahmad, Muhammad and Alrowaili, Dalal and Ali, Rifaqat and Zahid, Zohaib and Siddique, Imran},
  journal={Journal of Mathematics},
  volume={2022},
  year={2022},
  url = {https://www.hindawi.com/journals/jmath/2022/5884924/},
  publisher={Hindawi}
}
@misc{blumenthal1953theory,
  title={Theory and applications of distance geometry. At the Clarendon Press},
  author={Blumenthal, Leonard M},
  year={1953},
  publisher={Oxford}
}
@article{korivand2022metric,
  title={Metric Dimension Threshold of Graphs},
  author={Korivand, Meysam and Khashyarmanesh, Kazem and Tavakoli, Mostafa},
  journal={Journal of Mathematics},
  volume={2022},
  year={2022},
  url = {https://www.hindawi.com/journals/jmath/2022/1838719/},
  publisher={Hindawi Limited}
}
@article{kuziak2017computing,
  title={Computing the metric dimension of a graph from primary subgraphs},
  author={Kuziak, Dorota and Rodr{\'\i}guez-Vel{\'a}zquez, Juan A and Yero, Ismael G},
  journal={Discussiones Mathematicae Graph Theory},
  volume={37},
  number={1},
  pages={273--293},
  url = {https://sciendo.com/abstract/journals/dmgt/37/1/article-p273.xml},
  year={2017}
}
@article{galby2022metric,
  title={Metric Dimension Parameterized by Feedback Vertex Set and Other Structural Parameters},
  author={Galby, Esther and Khazaliya, Liana and Inerney, Fionn Mc and Sharma, Roohani and Tale, Prafullkumar},
  journal={arXiv preprint arXiv:2206.15424},
  year={2022},
  url = {https://arxiv.org/pdf/2206.15424.pdf}
}
@book{garey1979computers,
  title={Computers and intractability},
  author={Garey, Michael R and Johnson, David S},
  publisher={Freeman},
  year={1979}
}
@article{odor2021sequential,
  title={Sequential metric dimension for random graphs},
  author={Odor, Gergely and Thiran, Patrick},
  journal={Journal of Applied Probability},
  volume={58},
  number={4},
  pages={909--951},
  year={2021},
  url = {https://www.cambridge.org/core/journals/journal-of-applied-probability/article/abs/sequential-metric-dimension-for-random-graphs/A6EA67BB64E7B645F7040384048E76EF},
  publisher={Cambridge University Press}
}
@inproceedings{zejnilovic2013network,
  title={Network observability and localization of the source of diffusion based on a subset of nodes},
  author={Zejnilovi{\'c}, Sabina and Gomes, Joao and Sinopoli, Bruno},
  booktitle={2013 51st Annual Allerton Conference on Communication, Control, and Computing (Allerton)},
  pages={847--852},
  year={2013},
  url = {https://ieeexplore.ieee.org/abstract/document/6736613},
  organization={IEEE}
}
@article{epstein2015weighted,
  title={The (weighted) metric dimension of graphs: hard and easy cases},
  author={Epstein, Leah and Levin, Asaf and Woeginger, Gerhard J},
  journal={Algorithmica},
  volume={72},
  number={4},
  pages={1130--1171},
  year={2015},
  url = {https://link.springer.com/article/10.1007/s00453-014-9896-2},
  publisher={Springer}
}
@article{jannesari2023lower,
  title={On lower bounds for the metric dimension of graphs},
  author={Jannesari, Mohsen},
  journal={Journal of Mahani Mathematical Research},
  volume={12},
  number={1},
  pages={35--41},
  year={2023},
  url = {https://jmmrc.uk.ac.ir/article_3323.html},
  publisher={Shahid Bahonar University of Kerman}
}
@article{gutin2020alternative,
  title={Alternative parameterizations of metric dimension},
  author={Gutin, Gregory and Ramanujan, MS and Reidl, Felix and Wahlstr{\"o}m, Magnus},
  journal={Theoretical Computer Science},
  volume={806},
  pages={133--143},
  year={2020},
  url = {https://www.sciencedirect.com/science/article/abs/pii/S0304397519300532},
  publisher={Elsevier}
}
 @Article{JGAA-360,
   author = {{David} {Eppstein}},
   title = {Metric Dimension Parameterized by Max Leaf Number},
   journal = {Journal of Graph Algorithms and Applications},
   year = {2015},
   volume = {19},
   number = {1},
   pages = {313--323},
   doi = {10.7155/jgaa.00360}
} 
@article{kelenc2021metric,
  title={On metric dimensions of hypercubes},
  author={Kelenc, Aleksander and Toshi, Aoden Teo Masa and Skrekovski, Riste and Yero, Ismael G},
  journal={arXiv preprint arXiv:2102.10916},
  url = {https://arxiv.org/abs/2102.10916},
  year={2021}
}
@article{hakanen2020solid,
  title={The solid-metric dimension},
  author={Hakanen, Anni and Junnila, Ville and Laihonen, Tero},
  journal={Theoretical Computer Science},
  volume={806},
  pages={156--170},
  year={2020},
  url = {https://www.sciencedirect.com/science/article/abs/pii/S0304397519301197},
  publisher={Elsevier}
}
@article{kratica2012minimal,
  title={Minimal doubly resolving sets and the strong metric dimension of Hamming graphs},
  author={Kratica, Jozef and Kova{\v{c}}evi{\'c}-Vuj{\v{c}}i{\'c}, Vera and {\v{C}}angalovi{\'c}, Mirjana and Stojanovi{\'c}, Milica},
  journal={Applicable Analysis and Discrete Mathematics},
  pages={63--71},
  year={2012},
  url = {https://doiserbia.nb.rs/img/doi/1452-8630/2012/1452-86301100023K.pdf},
  publisher={JSTOR}
}
@article{azhar2022fault,
  title={Fault-tolerant partition resolvability in mesh related networks and applications},
  author={Azhar, Kamran and Zafar, Sohail and Kashif, Agha and Aljaedi, Amer and Albalawi, Umar},
  journal={IEEE Access},
  volume={10},
  pages={71521--71529},
  year={2022},
  url = {https://ieeexplore.ieee.org/abstract/document/9815043},
  publisher={IEEE}
}
